% This file was created with JabRef 2.7b.
% Encoding: UTF-8

@INCOLLECTION{Heess2013,
  author = {Nicolas Heess and Daniel Tarlow and John Winn},
  title = {Learning to Pass Expectation Propagation Messages},
  booktitle = {Advances in Neural Information Processing Systems 26},
  year = {2013},
  editor = {C.j.c. Burges and L. Bottou and M. Welling and Z. Ghahramani and
	K.q. Weinberger},
  pages = {3219--3227},
  url = {http://media.nips.cc/nipsbooks/nipspapers/paper_files/nips26/1493.pdf}
}

@comment{jabref-meta: selector_publisher:}

@comment{jabref-meta: selector_author:}

@comment{jabref-meta: selector_journal:}

@comment{jabref-meta: selector_keywords:}

